<record><leader>00000cas a22000007a 4500</leader><controlfield tag="001">18269396</controlfield><controlfield tag="008">880726d19431943nyuwr ne      0    0eng d</controlfield><controlfield tag="009">550</controlfield><datafield ind1=" " ind2=" " tag="010"><subfield code="a">sn 88075734 </subfield></datafield><datafield ind1=" " ind2=" " tag="040"><subfield code="a">NYS</subfield><subfield code="b">eng</subfield><subfield code="c">NYS</subfield><subfield code="d">NYG</subfield><subfield code="d">NYS</subfield></datafield><datafield ind1="0" ind2="4" tag="245"><subfield code="a">The Canajoharie courier, Fort Plain standard, Fort Plain free press, Mohawk Valley register.</subfield></datafield><datafield ind1="0" ind2="3" tag="246"><subfield code="a">Courier-standard</subfield></datafield><datafield ind1="0" ind2="7" tag="246"><subfield code="a">Canajoharie courier, Fort Plain standard</subfield></datafield><datafield ind1=" " ind2=" " tag="260"><subfield code="a">Canajoharie, N.Y. :</subfield><subfield code="b">Donald Christie,</subfield></datafield><datafield ind1=" " ind2=" " tag="300"><subfield code="a">v.</subfield></datafield><datafield ind1=" " ind2=" " tag="310"><subfield code="a">Weekly</subfield></datafield><datafield ind1="0" ind2=" " tag="362"><subfield code="a">67th year, no. 4 (Jan. 28, 1943)-67th year, no. 5 (Feb. 4, 1943).</subfield></datafield><datafield ind1=" " ind2=" " tag="515"><subfield code="a">Issue for Feb. 4, 1943 was misdated Jan. 28.</subfield></datafield><datafield ind1=" " ind2="4" tag="651"><subfield code="a">Canajoharie (N.Y.)</subfield><subfield code="x">Newspapers.</subfield></datafield><datafield ind1=" " ind2="4" tag="651"><subfield code="a">Fort Plain (N.Y.)</subfield><subfield code="x">Newspapers.</subfield></datafield><datafield ind1=" " ind2=" " tag="752"><subfield code="a">United States</subfield><subfield code="b">New York</subfield><subfield code="c">Montgomery</subfield><subfield code="d">Canajoharie.</subfield></datafield><datafield ind1=" " ind2=" " tag="752"><subfield code="a">United States</subfield><subfield code="b">New York</subfield><subfield code="c">Montgomery</subfield><subfield code="d">Fort Plain.</subfield></datafield><datafield ind1="0" ind2="4" tag="780"><subfield code="t">Canajoharie courier</subfield><subfield code="w">(DLC)sn 88074631</subfield><subfield code="w">(OCoLC)18234913</subfield></datafield><datafield ind1="0" ind2="4" tag="780"><subfield code="t">Fort Plain standard, Fort plain free press, Mohawk Valley register</subfield><subfield code="w">(DLC)sn 88075733</subfield><subfield code="w">(OCoLC)18248443</subfield></datafield><datafield ind1="0" ind2="0" tag="785"><subfield code="t">Canajoharie courier, Fort Plain standard</subfield><subfield code="w">(DLC)sn 84031050</subfield></datafield></record>